 @online{geofab,
   author = "Geofabrik",
   title = "{Switzerland}",
   year = {2014},
   url = "http://download.geofabrik.de/europe/switzerland.html/",
   urldate = {2014-02-03}
 }

 @online{osmconv,
   author = "OpenStreetMap Wiki",
   title = "{Osmconvert}",
   year = "2014",
   url = "http://wiki.openstreetmap.org/w/index.php?title=Osmconvert&oldid=1010333",
   urldate = {2014-02-03}
}
